@misc{procedural-generation-overview,
  author = {Kent Pawson},
  title = {Procedural Generation: An Overview},
  year = {2024},
  howpublished = {\url{https://kentpawson123.medium.com/procedural-generation-an-overview-1b054a0f8d41}},
}

@InProceedings{ProceduralContentCreation,
author="Roden, Timothy
and Parberry, Ian",
editor="Rauterberg, Matthias",
title="From Artistry to Automation: A Structured Methodology for Procedural Content Creation",
booktitle="Entertainment Computing -- ICEC 2004",
year="2004",
publisher="Springer Berlin Heidelberg",
address="Berlin, Heidelberg",
pages="151--156",
abstract="Procedural techniques will soon automate many aspects of content creation for computer games. We describe an efficient, deterministic, methodology for procedurally generating 3D game content of arbitrary size and complexity. The technique progressively amplifies simple dynamically generated data structures into complex geometry. We use a procedural pipeline with a minimum set of controls at each stage to facilitate authoring. We show two examples from our research. Our terrain generator can synthesize massive 3D terrains in real-time while our level generator can be used to create indoor environments offline or in real-time.",
isbn="978-3-540-28643-1"
}

@book{TexturingModelingProcAproach,
  title={Texturing \& modeling: a procedural approach},
  author={Ebert, David S},
  year={2003},
  publisher={Morgan Kaufmann}
}
@inproceedings{ParametricallyControlledTerrainGeneration,
author = {Kamal, K. Raiyan and Uddin, Yusuf Sarwar},
title = {Parametrically Controlled Terrain Generation},
year = {2007},
isbn = {9781595939128},
publisher = {Association for Computing Machinery},
address = {New York, NY, USA},
url = {https://doi.org/10.1145/1321261.1321264},
doi = {10.1145/1321261.1321264},
abstract = {In this paper, we propose a novel approach towards parametrically controlled artificial terrain generation. Our proposed method focuses on generation of terrains having mountains of prespecified height and spread of base region and peak nearly at a prespecified location. Means of performing advanced tuning on the terrain to produce unusual artifacts on the terrain is also demonstrated and how our algorithm performs better in comparison with the well known terrain generation algorithms when used to solve the same problem is observed.},
booktitle = {Proceedings of the 5th International Conference on Computer Graphics and Interactive Techniques in Australia and Southeast Asia},
pages = {17–23},
numpages = {7},
keywords = {controlled terrain generation, parametric control, terrain generation},
location = {Perth, Australia},
series = {GRAPHITE '07}
}

@article{ProceduralGenerationRoads,
author = {Galin, E. and Peytavie, A. and Maréchal, N. and Guérin, E.},
title = {Procedural Generation of Roads},
journal = {Computer Graphics Forum},
volume = {29},
number = {2},
pages = {429-438},
keywords = {Computer Graphics: Three-Dimensional Graphics and Realism, Procedural modeling, road generation, discrete anisotropic shortest path},
doi = {https://doi.org/10.1111/j.1467-8659.2009.01612.x},
url = {https://onlinelibrary.wiley.com/doi/abs/10.1111/j.1467-8659.2009.01612.x},
eprint = {https://onlinelibrary.wiley.com/doi/pdf/10.1111/j.1467-8659.2009.01612.x},
abstract = {Abstract In this paper, we propose an automatic method for generating roads based on a weighted anisotropic shortest path algorithm. Given an input scene, we automatically create a path connecting an initial and a final point. The trajectory of the road minimizes a cost function that takes into account the different parameters of the scene including the slope of the terrain, natural obstacles such as rivers, lakes, mountains and forests. The road is generated by excavating the terrain along the path and instantiating generic parameterized models.},
year = {2010}
}
@inproceedings{AdaptiveandMulti-resolutionProcedurtalInfiniteTerrain,
author = {Jain, Aryamaan and Sharma, Avinash and Rajan},
title = {Adaptive \& Multi-Resolution Procedural Infinite Terrain Generation with Diffusion Models and Perlin Noise},
year = {2023},
isbn = {9781450398220},
publisher = {Association for Computing Machinery},
address = {New York, NY, USA},
url = {https://doi.org/10.1145/3571600.3571657},
doi = {10.1145/3571600.3571657},
abstract = {This paper proposes a novel adaptive multi-resolution framework for generating terrains. Our framework combines diffusion-based generative network and novel frequency separated terrain features for terrain patch generation. Additionally, we propose to leverage learnable terrain super-resolution for enhancing generated terrain patch followed by novel kernel-based blending of these patches using Perlin noise to generate infinite terrain with realistic terrain features. We provide a comprehensive quantitative and qualitative evaluation of the proposed framework.},
booktitle = {Proceedings of the Thirteenth Indian Conference on Computer Vision, Graphics and Image Processing},
articleno = {55},
numpages = {9},
keywords = {Diffusion Model, Terrain Super-Resolution, Terrain Generation, Perlin Noise},
location = {Gandhinagar, India},
series = {ICVGIP '22}
}


@online{generacion-procedimental-wikipedia,
  author = {Wikipedia},
  title = {Generación Procedimental},
  url = {https://es.wikipedia.org/wiki/Procedural_generation},
  year = {2024},
  accessed = {2024-03-05}
}

@article{Fischer2022,
  author = {Roland Fischer and Judith Boeckers and Gabriel Zachmann},
  title = {Procedural Generation of Landscapes with Water Bodies Using Artificial Drainage Basins},
  year = {2022},
  url = {https://cgvr.informatik.uni-bremen.de/}
}

@article{autobiomes,
  title={AutoBiomes: procedural generation of multi-biome landscapes},
  url={https://link.springer.com/article/10.1007/s00371-020-01920-7},
  year={2024}
}
@article{perlin-noise,
  title={Procedural Terrain Generation Using Perlin Noise},
  url={https://scholarworks.calstate.edu/concern/projects/r494vs85w},
  year={2024}
}
@article{virtual-cities,
  title={Procedural Generation of Virtual Cities},
  url={https://ieeexplore.ieee.org/abstract/document/10285307},
  year={2024}
}
@article{infinite-terrain,
  title={Learning Based Infinite Terrain Generation with Level of Detailing},
  url={https://www-sop.inria.fr/reves/Basilic/2024/JSR24/terrain_3dv_camera_ready.pdf},
  year={2024}
}

@article{landmasses-terrain,
  title={Procedural Generation of landmasses and terrain},
  url={https://rochi.utcluj.ro/articole/11/RoCHI2023-Pop.pdf},
  year={2024}
}

@article{terrain-constraint-paths,
  title={Procedural Terrain Generation Based on Constraint Paths},
  url={https://etd.ohiolink.edu/acprod/odb_etd/ws/send_file/send?accession=osu1388357258&disposition=inline},
  year={2024}
}

@article{procedural-videojuegos,
  title={Generación procedural en los videojuegos},
  url={https://www.scriniun.com/post/hmc06-generacion-procedural-en-los-videojuegos},
  year={2024}
}

@article{terrain-generation-review,
  title={Methods for Procedural Terrain Generation_A Review},
  url={https://link.springer.com/chapter/10.1007/978-3-030-21077-9_6},
  year={2024}
}

@article{terrain-hydrology,
  title={Terrain generation using procedural models based on hydrology},
  url={https://dl.acm.org/doi/abs/10.1145/2461912.2461996},
  year={2024}
}

@article{planetary-terrains,
  title={Procedural generation of 3D planetary-scale terrains},
  url={https://ieeexplore.ieee.org/abstract/document/8863868/},
  year={2024}
}

@article{terrain-hydrology2,
  title={Terrain Generation Using Procedural Models Based on Hydrology},
  url={https://perso.liris.cnrs.fr/eric.galin/Articles/2013-river-networks.pdf},
  year={2024}
}

@article{terrain-vr,
  title={Procedural terrain generation for VR simulations},
  url={https://www.theseus.fi/bitstream/handle/10024/723206/Thesis%20template.pdf?sequence=2&isAllowed=y},
  year={2024}
}

@article{kim2016,
  author = {Kim, Jinmo},
  title = {Modeling and Optimization of a Tree Based on Virtual Reality for Immersive Virtual Landscape Generation},
  journal = {Symmetry},
  volume = {8},
  number = {9},
  pages = {93},
  year = {2016},
  url = {https://crea.ujaen.es/bitstream/10953.1/20029/1/Documentaci%C3%B3nTFG.pdf}
}


@article{Oppenheimer1986,
  author = {Peter E. Oppenheimer},
  title = {Real time design and animation of fractal plants and trees},
  journal = {ACM SiGGRAPH Computer Graphics},
  volume = {20},
  pages = {55-64},
  year = {1986}
}

@inproceedings{Peachey1985,
  author = {Darwyn R. Peachey},
  title = {Solid texturing of complex surfaces},
  booktitle = {Proceedings of the 12th Annual Conference on Computer Graphics and Interactive Techniques, SIGGRAPH '85},
  pages = {279-286},
  year = {1985},
  address = {New York, NY, USA},
  publisher = {ACM},
  isbn = {0-89791-166-0},
  doi = {10.1145/325334.325246},
  url = {http://doi.acm.org/10.1145/325334.325246}
}

@online{LeeUrban2016,
  author = {Stephen Lee-Urban},
  title = {Procedural content generation},
  url = {https://www.cc.gatech.edu/~surban6/2016-cs4731/lectures/2016_06_30-ProceduralContentGeneration_intro.pdf},
  year = {2016},
  accessed = {2017-10-02}
}

@online{WikipediaKkrieger,
  author = {Wikipedia},
  title = {.kkrieger},
  url = {https://es.wikipedia.org/wiki/.kkrieger},
  year = {2024},
  accessed = {2024-03-13}
}

@misc{unity-assetstore-terrain-generator-vista-pro,
  title = {Vista Pro - Graph Based Terrain Generator GPU},
  howpublished = {\url{https://assetstore.unity.com/packages/tools/terrain/vista-pro-graph-based-terrain-generator-gpu-264414}},
  year = {2024},
  note = {Unity Asset Store},
}

@misc{unity-assetstore-mapmagic-world-generator,
  title = {MapMagic World Generator},
  howpublished = {\url{https://assetstore.unity.com/packages/tools/terrain/mapmagic-world-generator-56762}},
  year = {2024},
  note = {Unity Asset Store},
}

@misc{unity-assetstore-terrain-composer-2,
  title = {Terrain Composer 2},
  howpublished = {\url{https://assetstore.unity.com/packages/tools/terrain/terrain-composer-2-65563}},
  year = {2024},
  note = {Unity Asset Store},
}

@misc{unity-assetstore-gaia-pro-2021,
  title = {Gaia Pro 2021 - Terrain \& Scene Generator},
  howpublished = {\url{https://assetstore.unity.com/packages/tools/terrain/gaia-pro-2021-terrain-scene-generator-193476}},
  year = {2021}
}

@misc{BuildingGenerator,
  title={Building Generator},
  howpublished={Unity Asset Store},
  url={https://assetstore.unity.com/packages/tools/modeling/building-generator-135827},
  year={2024}
}

@online{UnityAssetStoreVegetationStudioPro,
  author = {Unity Asset Store},
  title = {Vegetation Studio Pro Extensions},
  url = {https://assetstore.unity.com/packages/tools/terrain/vegetation-studio-pro-extensions-226071},
  year = {2022},
  accessed = {2024-03-13}
}
@misc{world-creator-website,
  title = {World Creator - The real-time terrain generator and landscape generator},
  howpublished = {\url{https://www.world-creator.com}}
}

@misc{world-machine,
  title = {World Machine},
  howpublished = {\url{https://www.world-machine.com/features.php}},
  note = {Accessed: 2024-02-08}
}

@misc{sidefx,
  title={Landscapes in Houdini for Unreal},
  author={SideFX},
  howpublished={\url{https://www.sidefx.com/docs/houdini/unreal/landscape/index.html}},
  year={2023},
  note={Accessed: March 14, 2024}
}

@misc{creativebloq,
  title={Creating Stunning Landscapes in Houdini},
  author={Creative Bloq},
  howpublished={\url{https://www.creativebloq.com/how-to/create-stunning-landscapes-in-houdini}},
  year={Year},
  note={Accessed: March 14, 2024}
}

@misc{easyroads3d,
  title={EasyRoads3D Pro v3},
  author={Unity Asset Store},
  howpublished={\url{https://assetstore.unity.com/packages/tools/terrain/easyroads3d-pro-v3-469}},
  year={2024},
  note={Version 3.2.3f3}
}

@misc{UnitySpeedTree,
  title = {SpeedTree},
  author = {Unity},
  year = {2024},
  month = {January},
  howpublished = {\url{https://unity.com/es/products/speedtree}}
}

@misc{GameAssetDealsEnviro,
  title = {Enviro - Sky and Weather},
  author = {Game Asset Deals},
  year = {2023},
  howpublished = {\url{https://www.gameassetdeals.com/asset/33963/enviro-sky-and-weather}}
}

@misc{UnityAssets4FreeEnviro3,
  title = {Enviro 3 - Sky and Weather - Free Download - Unity Asset Free},
  author = {Unity Assets 4 Free},
  year = {2024},
  howpublished = {\url{https://unityassets4free.com/enviro-3-sky-and-weather/}}
}

@misc{UnityAssetStoreEnviroSkyWeather,
  title = {Enviro - Sky and Weather},
  author = {Unity Asset Store},
  year = {2022},
  howpublished = {\url{https://assetstore.unity.com/packages/tools/particles-effects/enviro-sky-and-weather-33963}}
}

@misc{CityGen3DWebsite,
  title = {CityGen3D Website},
  author = {CityGen Technologies Ltd},
  year = {2022},
  howpublished = {\url{https://www.citygen3d.com/}}
}

@misc{CityGen3DUnityAssetStore,
  title = {CityGen3D - Unity Asset Store},
  author = {Unity Asset Store},
  year = {2021},
  howpublished = {\url{https://assetstore.unity.com/packages/tools/terrain/citygen3d-162468}}
}


@misc{ArcGISCityEngineWebViewer,
  title={ArcGIS CityEngine Web Viewer},
  author={Arc GIS Enterprise},
  year={2024},
  howpublished={https://enterprise.arcgis.com/es/portal/10.8/use/about-cityengine-web-viewer.htm}
}

@misc{ESRICityEnginePlanificacionUrbana,
  title={ESRI CityEngine. Planificación Urbana Virtual},
  author={Autodidacta en Geomática},
  year={2015},
  howpublished={https://autodidactaengeomatica.blogspot.com/2015/12/esri-cityengine-planificacion-urbana.html}
}

@misc{GaiaPro,
  title={Gaia Pro - All In One Scene Creation},
  author={Procedural Worlds},
  year={2024},
  howpublished={https://www.procedural-worlds.com/products/professional/gaia-pro/}
}

@misc{QuadSpinner,
  title={QuadSpinner.com Official website for Gaea},
  author={QuadSpinner},
  year={Unknown},
  howpublished={https://quadspinner.com/}
}

@misc{VUEOverview,
  title={VUE: Overview},
  author={e-on Software},
  year={2024},
  howpublished={https://info.e-onsoftware.com/vue/overview}
}

@misc{EsriCityEngine,
  title={Software avanzado de diseño de ciudades en 3D Esri CityEngine},
  author={Esri},
  year={2023},
  howpublished={https://www.esri.es/es-es/arcgis/productos/esri-cityengine/overview}
}

@misc{TerragenOverview,
  title={What is Terragen?},
  author={Planetside},
  year={2024},
  howpublished={https://planetside.co.uk/terragen-overview/}
}

@article{AnalisisAlgoritmosAmbientesVirtuales,
  title={Análisis de los algoritmos para generación de ambientes virtuales aleatorios},
  author={Rivera Legarreta, Mario Alberto and Pérez Castañeda, Mónica and Díaz Furlong, Héctor Adrián and Roman Flores, Alberto},
  year={2016},
  journal={Revista de Análisis de Algoritmos y Estructuras de Datos},
  volume={4},
  number={1},
  month={Septiembre-Diciembre},
  url={http://reaxion.utleon.edu.mx/Art_Analisis_de_los_algoritmos_para_generacion_de_ambientes_virtuales_aleatorios}
}

@inproceedings{Valencia-Rosado2019,
  author = {Luis Oswaldo Valencia-Rosado and Oleg Starostenko},
  title = {Methods for Procedural Terrain Generation: A Review},
  booktitle = {Advances in Intelligent Systems and Computing},
  year = {2019},
  publisher = {Springer},
  address = {Cham},
  doi = {10.1007/978-3-030-17798-0_24}
}

@book{Ebert2003,
  title={Texturing and Modeling - A Procedural Approach},
  author={Ebert, D. and Musgrave, F. Kenton and Peachey, D. and others},
  year={2003},
  publisher={Morgan Kaufmann}
}

@inproceedings{gamito2001procedural,
  title={Procedural Landscapes with Overhangs},
  author={Gamito, Manuel N.},
  year={2001},
  url={https://api.semanticscholar.org/CorpusID:18543187}
}

@article{olsen2004realtime,
  title={Realtime Synthesis of Eroded Fractal Terrain for Use in Computer Games},
  author={Olsen, Jacob},
  journal={Department of Mathematics And Computer Science (IMADA), University of Southern Denmark},
  year={2004},
  month={October},
}

@misc{unityblog,
  title = {What is a job system? Unity Blog},
  howpublished = {\url{https://blog.unity.com/engine-platform/what-is-a-job-system}},
  year = {2024},
  note = {Accessed: March 20, 2024}
}

@misc{unitymanual,
  title = {Job system overview},
  howpublished = {\url{https://docs.unity3d.com/Manual/JobSystemOverview.html}},
  year = {2024},
  note = {Accessed: March 20, 2024}
}

@misc{unity-job-system,
  title = {{Jobs} overview},
  howpublished = {\url{https://docs.unity3d.com/Manual/job-system-jobs.html}},
  note = {Accessed: 2024-04-13},
  publisher = {Unity Technologies},
}

@article{marian42,
  title={Generating an infinite world with the Wave Function Collapse algorithm},
  author={Marian42},
  journal={marian42.de},
  year={2024},
  url={https://marian42.de/article/infinite-wfc/}
}

@misc{mxgmn-WaveFunctionCollapse,
  title={WaveFunctionCollapse},
  author={mxgmn},
  year={Year},
  howpublished={\url{https://github.com/mxgmn/WaveFunctionCollapse}},
}
@misc{procjam-WFC,
  title={Generating Worlds With Wave Function Collapse},
  author={ProcJam},
  year={2024},
  howpublished={\url{https://www.procjam.com/tutorials/wfc/}}
}

@article{Doran2010,
  title={Controlled Procedural Terrain Generation Using Software Agents},
  author={Doran, Michael and Parberry, Ian},
  journal={IEEE Trans. Comput. Intellig. and AI in Games},
  volume={2},
  number={2},
  pages={111-119},
  year={2010}
}

@article{PerlinNoise,
  author = {Khan Academy},
  title = {Ruido Perlin},
  year = {2024},
  url = {https://es.khanacademy.org/computing/computer-programming/programming-natural-simulations/programming-noise/a/perlin-noise}
}
@online{worley-noise,
author = {Wikipedia},
title = {Worley noise},
year = {2024},
url = {https://en.wikipedia.org/wiki/Worley_noise},
urldate = {2024-01-25}
}

@online{DiamanteCuadrado,
  author="A. Krista Bird B. Thomas Dickerson C. Jessica George",
  title = {Diamond-Square Algorithm},
  url = {https://web.williams.edu/Mathematics/sjmiller/public_html/hudson/Dickerson_Terrain.pdf},
  note = {\url{https://web.williams.edu/Mathematics/sjmiller/public_html/hudson/Dickerson_Terrain.pdf}},
  urldate = {2023-09-18}
}

@online{DesplazamientoPuntoMedio,
  title = {Midpoint Displacement Algorithm},
  url = {https://en.wikipedia.org/wiki/Fractal_landscape},
  urldate = {2023-09-18}
}


@online{AlgoritmosHidrologia,
  title = {Terrain Generation Using Procedural Models Based on Hydrology},
  url = {https://hal.science/hal-01339224/document},
  urldate = {2023-09-18}
}

@online{HidrologiaDocumento,
  title = {Hydrology-Based Terrain Generation},
  url = {https://www.researchgate.net/publication/248703095_Terrain_Generation_Using_Procedural_Models_Based_on_Hydrology},
  urldate = {2023-09-18}
}

@online{AlgoritmosErosion,
  title = {Erosion and Other Algorithms in Chunk-Based Terrain},
  url = {https://www.reddit.com/r/proceduralgeneration/comments/vlye1x/erosion_and_other_algorithms_in_chunkbased/},
  urldate = {2023-09-18}
}

@online{ErosionReddit,
  title = {Terrain Erosion - 3 Ways},
  url = {https://github.com/dandrino/terrain-erosion-3-ways},
  urldate = {2023-09-18}
}

@misc{Marak_97,
  title = {Procedural Generation of Landscapes with Water Bodies Using Artificial Drainage Basins},
  author = {Marák, I.},
  year = {1997},
  url = {http://wscg.zcu.cz/wscg1997/papers97/Marak_97.pdf}
}
@article{Choros2016,
  author = {Kazimierz Choroś and Jacek Topolski},
  title = {Parameterized and Dynamic Generation of an Infinite Virtual Terrain with Various Biomes using Extended Voronoi Diagram},
  journal = {Journal of Universal Computer Science},
  volume = {22},
  number = {6},
  pages = {836-855},
  year = {2016},
  doi = {10.3217/jucs-022-06-0836}
}
@article{Yin2013,
  author = {Hua Fei Yin and Changwen Zheng},
  title = {A Practical Terrain Generation Method Using Sketch Map and Simple Parameters},
  journal = {IEICE Transactions on Information and Systems},
  volume = {E96.D},
  number = {8},
  pages = {1836-1844},
  year = {2013},
  doi = {10.1587/transinf.E96.D.1836}
}

@article{Cordonnier2016,
  author = {Cordonnier, G. and Braun, J. and Cani, M.-P. and Benes, B. and Galin, É. and Peytavie, A. and Guérin, É.},
  title = {Large Scale Terrain Generation from Tectonic Uplift and Fluvial Erosion},
  journal = {Comput. Graph. Forum},
  volume = {35},
  pages = {165-175},
  year = {2016}
}

@article{Cordonnier2017,
  author = {Guillaume Cordonnier and Jean Braun and Marie-Paule Cani and Bedrich Benes and Eric Galin and Adrien Peytavie and Eric Guérin},
  title = {Authoring Landscapes by Combining Ecosystem and Terrain Erosion Simulation},
  journal = {ACM Trans. Graph. TOG},
  volume = {36},
  number = {134},
  year = {2017}
}

@misc{CognizantEvolutionaryAlgorithm,
  author = {Cognizant},
  title = {Algoritmo evolutivo},
  howpublished = {\url{https://www.cognizant.com/es/es/glossary/evolutionary-algorithm}},
  year = {2024},
  note = {Accessed: 2024-03-29}
}

@article{Emilien2015,
  author = {Emilien, A. and Vimont, U. and Cani, M.-P. and Poulin, P. and Benes, B.},
  title = {WorldBrush: interactive example-based synthesis of procedural virtual worlds},
  journal = {ACM Trans. Graph. TOG},
  volume = {34},
  number = {4},
  pages = {106},
  year = {2015},
  doi = {10.1145/2766975}
}

@inproceedings{Raffe2012,
author = {Raffe, William L. and Zambetta, Fabio and Li, Xiaodong},
title = {A survey of procedural terrain generation techniques using evolutionary algorithms},
booktitle = {2012 IEEE Congress on Evolutionary Computation},
year = {2012},
pages = {1-8},
doi = {10.1109/CEC.2012.6256449}
}

@misc{UnityECS,
author = {Unity Technologies},
title = {ECS for Unity},
howpublished = {\url{https://unity.com/ecs}},
year = {2024},
note = {Accessed: 2024-03-29}
}

@misc{UnityBurst,
author = {Unity Technologies},
title = {Burst User Guide},
howpublished = {\url{https://docs.unity3d.com/Packages/com.unity.burst@1.2/manual/index.html}},
year = {2023},
note = {Accessed: 2024-03-29}
}

@article{kelly2006survey,
  title={A Survey of Procedural Techniques for City Generation},
  author={Kelly, George and McCabe, Hugh},
  journal={The ITB Journal},
  volume={7},
  number={2},
  pages={87--97},
  year={2006},
  publisher={Institute of Technology, Blanchardstown},
  doi={10.21427/D76M9P},
  url={https://arrow.tudublin.ie/itbj/vol7/iss2/5}
}

@article{Greuter2003,
  title={Real-time procedural generation of `pseudo infinite' cities},
  author={Stefan Greuter and Jeremy Parker and Nigel Stewart and Geoff Leach},
  journal={Proceedings of GRAPHITE 2003, ACM Press},
  pages={87-95},
  year={2003}
}

@inproceedings{Greuter2002,
  title={Undiscovered Worlds - Towards a Framework for Real-Time Procedural Generation of Virtual Worlds},
  author={Stefan Greuter and Nigel Stewart and Jeremy Parker and Geoff Leach},
  booktitle={MelbourneDAC 2003 Proceedings, ACM Press},
  pages={120-127},
  year={2002}
}

@article{Parish2001,
  title={Procedural Modeling of Cities},
  author={Yoav I H Parish and Pascal Mueller},
  year={2001},
  journal={Computer Graphics Laboratory ETH Zurich},
  url={https://cgl.ethz.ch/Downloads/Publications/Papers/2001/p_Par01.pdf}
}

@article{Watson2003,
  author = {Thomas Lechner and Ben Watson and Uri Wilensky and Martin Felsen},
  title = {Procedural City Modeling},
  journal = {Computer Graphics Laboratory ETH Zurich},
  year = {2003},
  url = {https://ccl.northwestern.edu/2004/ProceduralCityMod.pdf}
}

@article{Sun2002,
  title={Template-Based Generation of Road Networks for City Modeling},
  author={Sun, J. and Baciu, G.},
  year={2002},
  journal={Proceedings of GRAPHITE 2002},
  pages={87-95},
  url={https://www.researchgate.net/publication/221314250_Template-based_generation_of_road_networks_for_virtual_city_modeling}
}

@article{Wonka2003,
  title={Instant architecture},
  author={Peter Wonka and Michael Wimmer and Francois Sillion and William Ribarsky},
  journal={ACM Transactions on Graphics},
  volume={22},
  number={3},
  pages={725--732},
  year={2003},
  publisher={ACM}
}

@article{Emilien2012,
  title={Procedural Generation of Villages on Arbitrary Terrains},
  author={Emilien, Arnaud and Bernhardt, Adrien and Peytavie, Adrien and Cani, Marie-Paule and Galin, Eric},
  journal={Vis. Comput.},
  volume={28},
  number={6-8},
  pages={723--738},
  year={2012},
  publisher={Springer}
}

@misc{unityGPUInstancing,
  title={GPU Instancing},
  author={Unity},
  howpublished={\url{https://docs.unity3d.com/Manual/GPUInstancing.html}},
  year={2024-04-02},
  note={Accessed: April 05, 2024}
}

@misc{vrdevelopment,
  title = {Unleashing the Potential of VR: Your Comprehensive Guide to VR Development},
  howpublished = {\url{https://tokenminds.co/blog/web3-development/vr-development}},
  note = {Accessed on March 30, 2024},
  year = {2024}
}


@misc{unrealengineVR,
  title = {Virtual Reality Best Practices},
  howpublished = {\url{https://docs.unrealengine.com/4.26/en-US/SharingAndReleasing/XRDevelopment/VR/DevelopVR/ContentSetup/}},
  note = {Accessed on January 26, 2024},
  year = {2024}
}


@misc{fastercapital,
  title = {Optimización Del Rendimiento En Realidad Virtual Y Aumentada Nativa - FasterCapital},
  howpublished = {\url{https://fastercapital.com/es/tema/optimizaci%C3%B3n-del-rendimiento-en-realidad-virtual-y-aumentada-nativa.html}},
  note = {Accessed on April 05, 2024},
  year = {2024}
}


@misc{linkedinoptimization,
  title = {Cómo optimizar el rendimiento de la realidad virtual para narrativas complejas},
  howpublished = {\url{https://es.linkedin.com/advice/0/how-can-you-optimize-vr-performance-complex-narratives-5oohf?lang=es}},
  note = {Accessed on Unknown Date},
  year = {Unknown Year}
}

@misc{linkedinmeshsimplification,
  title={¿Cuáles son algunos de los escollos comunes y las mejores prácticas para la simplificación de malla en la representación 3D?},
  author={Er. Isha K.},
  howpublished = {\url{https://www.linkedin.com/advice/0/what-some-common-pitfalls-best-practices-mesh-simplification?lang=es&originalSubdomain=es}},
  year={2023}
}

@article{Jinete2015,
  title = {Metodología de remallado basado en la curvatura y orientado a modelos 3D del rostro humano},
  author = {Marco Jinete and Flavio Prieto and Augusto Salazar},
  journal = {Revista Ingenierías Universidad de Medellín},
  volume = {14},
  number = {26},
  pages = {208},
  year = {2015},
  month = {enero-junio},
  url = {http://www.scielo.org.co/scielo.php?lng=en&nrm=iso&pid=S1692-33242015000100010&script=sci_arttext&tlng=es},
  doi = {10.16924/riua.v0i26.1051}
}

@article{Schroeder1992,
  title={Decimation of triangle meshes},
  author={Schroeder, William J and Zarge, Jonathan A and Lorensen, William E},
  journal={Computer Graphics (SIGGRAPH ’92 Proc.)},
  volume={26},
  number={2},
  pages={65--70},
  year={1992}
}

@inproceedings{Rossignac1993,
  title={Multi-resolution 3D approximations for rendering complex scenes},
  author={Rossignac, Jarek and Borrel, Paul},
  booktitle={Modeling in Computer Graphics: Methods and Applications},
  editor={Falcidieno, B. and Kunii, T.},
  pages={455--465},
  year={1993}
}

@article{RamerDouglasPeucker,
  author = {Urs Ramer and David H. Douglas and Thomas K. Peucker},
  title = {Algorithms for the Reduction of the Number of Points Required to Represent a Digitized Line or its Caricature},
  journal = {Cartographica},
  volume = {10},
  pages = {112--122},
  year = {1973},
  doi = {10.3138/FM57-6770-U75U-7727}
}

@article{Srivastava2024Comparative,
  title={A comparative analysis of generative models for terrain generation in open-world video games},
  author={Ishaan Srivastava},
  journal={Journal of High School Science},
  year={2024},
  note={Submitted: October 16, 2023, Revised: version 1, November 30, 2023, version 2, January 21, 2024, Accepted: February 1, 2024}
}

@mastersthesis{Roosvall2016,
  title={Procedural Terrain Generation Using Ray Marching},
  author={Oscar Roosvall},
  school={Blekinge Institute of Technology},
  year={2016},
  url={http://www.diva-portal.org/smash/get/diva2:1059684/FULLTEXT01.pdf}
}

@phdthesis{GaschGarcia2021,
  title = {PROCEDURAL GENERATION OF NATURAL ENVIRONMENTS},
  author = {Cristina Gasch Garcia},
  school = {Universitat Jaume I},
  year = {2021},
  month = {January},
  url = {https://dialnet.unirioja.es/descarga/tesis/671254/T20210312152324.pdf}
}

@misc{texturing2024,
  title={Texturing and Shading in Animation: Definition, Process \& Challenges},
  url={https://blog.cg-wire.com/texturing-shading-animation/},
  author={CG Wire},
  year={2024}
}

@article{Jain2022,
  title = {Learning Based Infinite Terrain Generation with Level of Detailing},
  author = {Jain, Aryamaan and Sharma, Avinash and Rajan, K S},
  journal = {Computer Science},
  year = {2022},
  volume = {1},
  pages = {1-10},
  url = {https://www.semanticscholar.org/paper/Learning-Based-Infinite-Terrain-Generation-with-Jain-Sharma/4e61555021b4695652a4805a33c23e8a79e527d7},
  note = {IIIT Hyderabad, India; Inria, Universite C' ote d'Azur, France; IIT Jodhpur, India}
}

@article{Wu2010ANQ,
title={A New Quadtree-based Terrain LOD Algorithm},
author={Jian Wu and Yuanfeng Yang and Shengrong Gong and Zhiming Cui},
journal={J. Softw.},
year={2010},
volume={5},
pages={769-776},
url={https://api.semanticscholar.org/CorpusID:14987072}
}

@misc{agencia_tributaria_tabla_2024,
  title = {3.5.4 Tabla de amortización simplificada},
  url = {https://sede.agenciatributaria.gob.es/Sede/ayuda/manuales-videos-folletos/manuales-practicos/folleto-actividades-economicas/3-impuesto-sobre-renta-personas-fisicas/3_5-estimacion-directa-simplificada/3_5_4-tabla-amortizacion-simplificada.html},
  year = {2024},
  month = mar,
  day = {29},
  note = {Tabla de amortización simplificada de la Agencia Tributaria para edificios y otras construcciones, instalaciones, mobiliario, enseres y resto del inmovilizado material, maquinaria, elementos de transporte, equipos para tratamiento de la información y sistemas y programas informáticos, útiles y herramientas, ganado vacuno, porcino, ovino y caprino, ganado equino y frutales no cítricos, frutales cítricos y viñedos, olivar.}
}
